%YAML 1.1
%TAG !u! tag:unity3d.com,2011:
--- !u!29 &1
OcclusionCullingSettings:
  m_ObjectHideFlags: 0
  serializedVersion: 2
  m_OcclusionBakeSettings:
    smallestOccluder: 5
    smallestHole: 0.25
    backfaceThreshold: 100
  m_SceneGUID: 00000000000000000000000000000000
  m_OcclusionCullingData: {fileID: 0}
--- !u!104 &2
RenderSettings:
  m_ObjectHideFlags: 0
  serializedVersion: 8
  m_Fog: 0
  m_FogColor: {r: 0.5, g: 0.5, b: 0.5, a: 1}
  m_FogMode: 3
  m_FogDensity: 0.01
  m_LinearFogStart: 0
  m_LinearFogEnd: 300
  m_AmbientSkyColor: {r: 0.212, g: 0.227, b: 0.259, a: 1}
  m_AmbientEquatorColor: {r: 0.114, g: 0.125, b: 0.133, a: 1}
  m_AmbientGroundColor: {r: 0.047, g: 0.043, b: 0.035, a: 1}
  m_AmbientIntensity: 1
  m_AmbientMode: 0
  m_SubtractiveShadowColor: {r: 0.42, g: 0.478, b: 0.627, a: 1}
  m_SkyboxMaterial: {fileID: 2100000, guid: 7ca4c72191e513a4492ee1c59b816042, type: 2}
  m_HaloStrength: 0.5
  m_FlareStrength: 1
  m_FlareFadeSpeed: 3
  m_HaloTexture: {fileID: 0}
  m_SpotCookie: {fileID: 10001, guid: 0000000000000000e000000000000000, type: 0}
  m_DefaultReflectionMode: 0
  m_DefaultReflectionResolution: 128
  m_ReflectionBounces: 1
  m_ReflectionIntensity: 1
  m_CustomReflection: {fileID: 0}
  m_Sun: {fileID: 0}
  m_IndirectSpecularColor: {r: 0, g: 0, b: 0, a: 1}
--- !u!157 &4
LightmapSettings:
  m_ObjectHideFlags: 0
  serializedVersion: 11
  m_GIWorkflowMode: 0
  m_GISettings:
    serializedVersion: 2
    m_BounceScale: 1
    m_IndirectOutputScale: 1
    m_AlbedoBoost: 1
    m_TemporalCoherenceThreshold: 1
    m_EnvironmentLightingMode: 0
    m_EnableBakedLightmaps: 1
    m_EnableRealtimeLightmaps: 1
  m_LightmapEditorSettings:
    serializedVersion: 9
    m_Resolution: 2
    m_BakeResolution: 40
    m_TextureWidth: 1024
    m_TextureHeight: 1024
    m_AO: 0
    m_AOMaxDistance: 1
    m_CompAOExponent: 0
    m_CompAOExponentDirect: 0
    m_Padding: 2
    m_LightmapParameters: {fileID: 0}
    m_LightmapsBakeMode: 1
    m_TextureCompression: 1
    m_FinalGather: 0
    m_FinalGatherFiltering: 1
    m_FinalGatherRayCount: 1024
    m_ReflectionCompression: 2
    m_MixedBakeMode: 1
    m_BakeBackend: 0
    m_PVRSampling: 1
    m_PVRDirectSampleCount: 32
    m_PVRSampleCount: 500
    m_PVRBounces: 2
    m_PVRFilterTypeDirect: 0
    m_PVRFilterTypeIndirect: 0
    m_PVRFilterTypeAO: 0
    m_PVRFilteringMode: 0
    m_PVRCulling: 1
    m_PVRFilteringGaussRadiusDirect: 1
    m_PVRFilteringGaussRadiusIndirect: 5
    m_PVRFilteringGaussRadiusAO: 2
    m_PVRFilteringAtrousPositionSigmaDirect: 0.5
    m_PVRFilteringAtrousPositionSigmaIndirect: 2
    m_PVRFilteringAtrousPositionSigmaAO: 1
  m_LightingDataAsset: {fileID: 0}
  m_UseShadowmask: 0
--- !u!196 &5
NavMeshSettings:
  serializedVersion: 2
  m_ObjectHideFlags: 0
  m_BuildSettings:
    serializedVersion: 2
    agentTypeID: 0
    agentRadius: 0.5
    agentHeight: 2
    agentSlope: 45
    agentClimb: 0.4
    ledgeDropHeight: 0
    maxJumpAcrossDistance: 0
    minRegionArea: 2
    manualCellSize: 0
    cellSize: 0.16666667
    manualTileSize: 0
    tileSize: 256
    accuratePlacement: 0
    debug:
      m_Flags: 0
  m_NavMeshData: {fileID: 0}
--- !u!1 &53743633
GameObject:
  m_ObjectHideFlags: 0
  m_PrefabParentObject: {fileID: 163242, guid: 857270e40bfbfaf4da7114f4593562e0, type: 2}
  m_PrefabInternal: {fileID: 207452811}
  serializedVersion: 5
  m_Component:
  - component: {fileID: 53743637}
  - component: {fileID: 53743636}
  - component: {fileID: 53743635}
  - component: {fileID: 53743634}
  m_Layer: 0
  m_Name: sword
  m_TagString: Untagged
  m_Icon: {fileID: 0}
  m_NavMeshLayer: 0
  m_StaticEditorFlags: 0
  m_IsActive: 1
--- !u!64 &53743634
MeshCollider:
  m_ObjectHideFlags: 0
  m_PrefabParentObject: {fileID: 6487340, guid: 857270e40bfbfaf4da7114f4593562e0,
    type: 2}
  m_PrefabInternal: {fileID: 207452811}
  m_GameObject: {fileID: 53743633}
  m_Material: {fileID: 0}
  m_IsTrigger: 0
  m_Enabled: 1
  serializedVersion: 2
  m_Convex: 0
  m_InflateMesh: 0
  m_SkinWidth: 0.01
  m_Mesh: {fileID: 4300000, guid: ad77f294b3ccaf141acf18d87a63cd68, type: 3}
--- !u!23 &53743635
MeshRenderer:
  m_ObjectHideFlags: 0
  m_PrefabParentObject: {fileID: 2346756, guid: 857270e40bfbfaf4da7114f4593562e0,
    type: 2}
  m_PrefabInternal: {fileID: 207452811}
  m_GameObject: {fileID: 53743633}
  m_Enabled: 1
  m_CastShadows: 1
  m_ReceiveShadows: 1
  m_DynamicOccludee: 1
  m_MotionVectors: 1
  m_LightProbeUsage: 1
  m_ReflectionProbeUsage: 1
  m_Materials:
  - {fileID: 2100000, guid: 88ad6382600040b4d91293bf2dd601f4, type: 2}
  m_StaticBatchInfo:
    firstSubMesh: 0
    subMeshCount: 0
  m_StaticBatchRoot: {fileID: 0}
  m_ProbeAnchor: {fileID: 0}
  m_LightProbeVolumeOverride: {fileID: 0}
  m_ScaleInLightmap: 1
  m_PreserveUVs: 0
  m_IgnoreNormalsForChartDetection: 0
  m_ImportantGI: 0
  m_StitchLightmapSeams: 0
  m_SelectedEditorRenderState: 3
  m_MinimumChartSize: 4
  m_AutoUVMaxDistance: 0.5
  m_AutoUVMaxAngle: 89
  m_LightmapParameters: {fileID: 0}
  m_SortingLayerID: 0
  m_SortingLayer: 0
  m_SortingOrder: 0
--- !u!33 &53743636
MeshFilter:
  m_ObjectHideFlags: 0
  m_PrefabParentObject: {fileID: 3365594, guid: 857270e40bfbfaf4da7114f4593562e0,
    type: 2}
  m_PrefabInternal: {fileID: 207452811}
  m_GameObject: {fileID: 53743633}
  m_Mesh: {fileID: 4300000, guid: ad77f294b3ccaf141acf18d87a63cd68, type: 3}
--- !u!4 &53743637
Transform:
  m_ObjectHideFlags: 0
  m_PrefabParentObject: {fileID: 400642, guid: 857270e40bfbfaf4da7114f4593562e0, type: 2}
  m_PrefabInternal: {fileID: 207452811}
  m_GameObject: {fileID: 53743633}
  m_LocalRotation: {x: 0, y: 0, z: 0, w: 1}
  m_LocalPosition: {x: 0, y: -0.25, z: -0.775}
  m_LocalScale: {x: 1, y: 1, z: 1}
  m_Children: []
  m_Father: {fileID: 0}
  m_RootOrder: 9
  m_LocalEulerAnglesHint: {x: 0, y: 0, z: 0}
--- !u!1001 &160010018
Prefab:
  m_ObjectHideFlags: 0
  serializedVersion: 2
  m_Modification:
    m_TransformParent: {fileID: 0}
    m_Modifications:
    - target: {fileID: 491694, guid: 0146db84378023d43b191a0f89508214, type: 2}
      propertyPath: m_LocalPosition.x
      value: 0
      objectReference: {fileID: 0}
    - target: {fileID: 491694, guid: 0146db84378023d43b191a0f89508214, type: 2}
      propertyPath: m_LocalPosition.y
      value: 0
      objectReference: {fileID: 0}
    - target: {fileID: 491694, guid: 0146db84378023d43b191a0f89508214, type: 2}
      propertyPath: m_LocalPosition.z
      value: -1.71200001
      objectReference: {fileID: 0}
    - target: {fileID: 491694, guid: 0146db84378023d43b191a0f89508214, type: 2}
      propertyPath: m_LocalRotation.x
      value: 0
      objectReference: {fileID: 0}
    - target: {fileID: 491694, guid: 0146db84378023d43b191a0f89508214, type: 2}
      propertyPath: m_LocalRotation.y
      value: 0
      objectReference: {fileID: 0}
    - target: {fileID: 491694, guid: 0146db84378023d43b191a0f89508214, type: 2}
      propertyPath: m_LocalRotation.z
      value: 0
      objectReference: {fileID: 0}
    - target: {fileID: 491694, guid: 0146db84378023d43b191a0f89508214, type: 2}
      propertyPath: m_LocalRotation.w
      value: 1
      objectReference: {fileID: 0}
    - target: {fileID: 491694, guid: 0146db84378023d43b191a0f89508214, type: 2}
      propertyPath: m_RootOrder
      value: 8
      objectReference: {fileID: 0}
    m_RemovedComponents: []
  m_ParentPrefab: {fileID: 100100000, guid: 0146db84378023d43b191a0f89508214, type: 2}
  m_RootGameObject: {fileID: 2013206397}
  m_IsPrefabParent: 0
--- !u!1001 &207452811
Prefab:
  m_ObjectHideFlags: 0
  serializedVersion: 2
  m_Modification:
    m_TransformParent: {fileID: 0}
    m_Modifications:
    - target: {fileID: 400642, guid: 857270e40bfbfaf4da7114f4593562e0, type: 2}
      propertyPath: m_LocalPosition.x
      value: 0
      objectReference: {fileID: 0}
    - target: {fileID: 400642, guid: 857270e40bfbfaf4da7114f4593562e0, type: 2}
      propertyPath: m_LocalPosition.y
      value: -.25
      objectReference: {fileID: 0}
    - target: {fileID: 400642, guid: 857270e40bfbfaf4da7114f4593562e0, type: 2}
      propertyPath: m_LocalPosition.z
      value: -.774999976
      objectReference: {fileID: 0}
    - target: {fileID: 400642, guid: 857270e40bfbfaf4da7114f4593562e0, type: 2}
      propertyPath: m_LocalRotation.x
      value: 0
      objectReference: {fileID: 0}
    - target: {fileID: 400642, guid: 857270e40bfbfaf4da7114f4593562e0, type: 2}
      propertyPath: m_LocalRotation.y
      value: 0
      objectReference: {fileID: 0}
    - target: {fileID: 400642, guid: 857270e40bfbfaf4da7114f4593562e0, type: 2}
      propertyPath: m_LocalRotation.z
      value: 0
      objectReference: {fileID: 0}
    - target: {fileID: 400642, guid: 857270e40bfbfaf4da7114f4593562e0, type: 2}
      propertyPath: m_LocalRotation.w
      value: 1
      objectReference: {fileID: 0}
    - target: {fileID: 400642, guid: 857270e40bfbfaf4da7114f4593562e0, type: 2}
      propertyPath: m_RootOrder
      value: 9
      objectReference: {fileID: 0}
    m_RemovedComponents: []
  m_ParentPrefab: {fileID: 100100000, guid: 857270e40bfbfaf4da7114f4593562e0, type: 2}
  m_RootGameObject: {fileID: 53743633}
  m_IsPrefabParent: 0
--- !u!1 &246899725
GameObject:
  m_ObjectHideFlags: 0
  m_PrefabParentObject: {fileID: 128682, guid: cde168c91f6fc464aac2d50df8687296, type: 2}
  m_PrefabInternal: {fileID: 1882836313}
  serializedVersion: 5
  m_Component:
  - component: {fileID: 246899729}
  - component: {fileID: 246899728}
  - component: {fileID: 246899727}
  - component: {fileID: 246899726}
  m_Layer: 0
  m_Name: hatchet
  m_TagString: Untagged
  m_Icon: {fileID: 0}
  m_NavMeshLayer: 0
  m_StaticEditorFlags: 0
  m_IsActive: 1
--- !u!64 &246899726
MeshCollider:
  m_ObjectHideFlags: 0
  m_PrefabParentObject: {fileID: 6410478, guid: cde168c91f6fc464aac2d50df8687296,
    type: 2}
  m_PrefabInternal: {fileID: 1882836313}
  m_GameObject: {fileID: 246899725}
  m_Material: {fileID: 0}
  m_IsTrigger: 0
  m_Enabled: 1
  serializedVersion: 2
  m_Convex: 0
  m_InflateMesh: 0
  m_SkinWidth: 0.01
  m_Mesh: {fileID: 4300000, guid: 162d9f069ec96e74a9cce7e2b961ec83, type: 3}
--- !u!23 &246899727
MeshRenderer:
  m_ObjectHideFlags: 0
  m_PrefabParentObject: {fileID: 2330300, guid: cde168c91f6fc464aac2d50df8687296,
    type: 2}
  m_PrefabInternal: {fileID: 1882836313}
  m_GameObject: {fileID: 246899725}
  m_Enabled: 1
  m_CastShadows: 1
  m_ReceiveShadows: 1
  m_DynamicOccludee: 1
  m_MotionVectors: 1
  m_LightProbeUsage: 1
  m_ReflectionProbeUsage: 1
  m_Materials:
  - {fileID: 2100000, guid: 50ab85b337b40994ea45bba151d443b3, type: 2}
  m_StaticBatchInfo:
    firstSubMesh: 0
    subMeshCount: 0
  m_StaticBatchRoot: {fileID: 0}
  m_ProbeAnchor: {fileID: 0}
  m_LightProbeVolumeOverride: {fileID: 0}
  m_ScaleInLightmap: 1
  m_PreserveUVs: 0
  m_IgnoreNormalsForChartDetection: 0
  m_ImportantGI: 0
  m_StitchLightmapSeams: 0
  m_SelectedEditorRenderState: 3
  m_MinimumChartSize: 4
  m_AutoUVMaxDistance: 0.5
  m_AutoUVMaxAngle: 89
  m_LightmapParameters: {fileID: 0}
  m_SortingLayerID: 0
  m_SortingLayer: 0
  m_SortingOrder: 0
--- !u!33 &246899728
MeshFilter:
  m_ObjectHideFlags: 0
  m_PrefabParentObject: {fileID: 3309182, guid: cde168c91f6fc464aac2d50df8687296,
    type: 2}
  m_PrefabInternal: {fileID: 1882836313}
  m_GameObject: {fileID: 246899725}
  m_Mesh: {fileID: 4300000, guid: 162d9f069ec96e74a9cce7e2b961ec83, type: 3}
--- !u!4 &246899729
Transform:
  m_ObjectHideFlags: 0
  m_PrefabParentObject: {fileID: 492460, guid: cde168c91f6fc464aac2d50df8687296, type: 2}
  m_PrefabInternal: {fileID: 1882836313}
  m_GameObject: {fileID: 246899725}
  m_LocalRotation: {x: 0, y: 0, z: 0, w: 1}
  m_LocalPosition: {x: 0, y: 0, z: 0.398}
  m_LocalScale: {x: 1, y: 1, z: 1}
  m_Children: []
  m_Father: {fileID: 0}
  m_RootOrder: 3
  m_LocalEulerAnglesHint: {x: 0, y: 0, z: 0}
--- !u!1001 &462988381
Prefab:
  m_ObjectHideFlags: 0
  serializedVersion: 2
  m_Modification:
    m_TransformParent: {fileID: 0}
    m_Modifications:
    - target: {fileID: 475652, guid: a90214135570e0b439a5dc18072442f6, type: 2}
      propertyPath: m_LocalPosition.x
      value: 0
      objectReference: {fileID: 0}
    - target: {fileID: 475652, guid: a90214135570e0b439a5dc18072442f6, type: 2}
      propertyPath: m_LocalPosition.y
      value: 0
      objectReference: {fileID: 0}
    - target: {fileID: 475652, guid: a90214135570e0b439a5dc18072442f6, type: 2}
      propertyPath: m_LocalPosition.z
      value: -.257999986
      objectReference: {fileID: 0}
    - target: {fileID: 475652, guid: a90214135570e0b439a5dc18072442f6, type: 2}
      propertyPath: m_LocalRotation.x
      value: 0
      objectReference: {fileID: 0}
    - target: {fileID: 475652, guid: a90214135570e0b439a5dc18072442f6, type: 2}
      propertyPath: m_LocalRotation.y
      value: 0
      objectReference: {fileID: 0}
    - target: {fileID: 475652, guid: a90214135570e0b439a5dc18072442f6, type: 2}
      propertyPath: m_LocalRotation.z
      value: 0
      objectReference: {fileID: 0}
    - target: {fileID: 475652, guid: a90214135570e0b439a5dc18072442f6, type: 2}
      propertyPath: m_LocalRotation.w
      value: 1
      objectReference: {fileID: 0}
    - target: {fileID: 475652, guid: a90214135570e0b439a5dc18072442f6, type: 2}
      propertyPath: m_RootOrder
      value: 2
      objectReference: {fileID: 0}
    m_RemovedComponents: []
  m_ParentPrefab: {fileID: 100100000, guid: a90214135570e0b439a5dc18072442f6, type: 2}
  m_RootGameObject: {fileID: 1537846651}
  m_IsPrefabParent: 0
--- !u!1001 &702656316
Prefab:
  m_ObjectHideFlags: 0
  serializedVersion: 2
  m_Modification:
    m_TransformParent: {fileID: 0}
    m_Modifications:
    - target: {fileID: 484152, guid: 2405c5c865025eb46a273791454fd13b, type: 2}
      propertyPath: m_LocalPosition.x
      value: 0
      objectReference: {fileID: 0}
    - target: {fileID: 484152, guid: 2405c5c865025eb46a273791454fd13b, type: 2}
      propertyPath: m_LocalPosition.y
      value: -.0610000007
      objectReference: {fileID: 0}
    - target: {fileID: 484152, guid: 2405c5c865025eb46a273791454fd13b, type: 2}
      propertyPath: m_LocalPosition.z
      value: -1.13800001
      objectReference: {fileID: 0}
    - target: {fileID: 484152, guid: 2405c5c865025eb46a273791454fd13b, type: 2}
      propertyPath: m_LocalRotation.x
      value: 0
      objectReference: {fileID: 0}
    - target: {fileID: 484152, guid: 2405c5c865025eb46a273791454fd13b, type: 2}
      propertyPath: m_LocalRotation.y
      value: 0
      objectReference: {fileID: 0}
    - target: {fileID: 484152, guid: 2405c5c865025eb46a273791454fd13b, type: 2}
      propertyPath: m_LocalRotation.z
      value: 0
      objectReference: {fileID: 0}
    - target: {fileID: 484152, guid: 2405c5c865025eb46a273791454fd13b, type: 2}
      propertyPath: m_LocalRotation.w
      value: 1
      objectReference: {fileID: 0}
    - target: {fileID: 484152, guid: 2405c5c865025eb46a273791454fd13b, type: 2}
      propertyPath: m_RootOrder
      value: 5
      objectReference: {fileID: 0}
    m_RemovedComponents: []
  m_ParentPrefab: {fileID: 100100000, guid: 2405c5c865025eb46a273791454fd13b, type: 2}
  m_RootGameObject: {fileID: 1174485896}
  m_IsPrefabParent: 0
--- !u!1 &847444361
GameObject:
  m_ObjectHideFlags: 0
  m_PrefabParentObject: {fileID: 0}
  m_PrefabInternal: {fileID: 0}
  serializedVersion: 5
  m_Component:
  - component: {fileID: 847444366}
  - component: {fileID: 847444365}
  - component: {fileID: 847444364}
  - component: {fileID: 847444363}
  - component: {fileID: 847444362}
  m_Layer: 0
  m_Name: Main Camera
  m_TagString: MainCamera
  m_Icon: {fileID: 0}
  m_NavMeshLayer: 0
  m_StaticEditorFlags: 0
  m_IsActive: 1
--- !u!81 &847444362
AudioListener:
  m_ObjectHideFlags: 0
  m_PrefabParentObject: {fileID: 0}
  m_PrefabInternal: {fileID: 0}
  m_GameObject: {fileID: 847444361}
  m_Enabled: 1
--- !u!124 &847444363
Behaviour:
  m_ObjectHideFlags: 0
  m_PrefabParentObject: {fileID: 0}
  m_PrefabInternal: {fileID: 0}
  m_GameObject: {fileID: 847444361}
  m_Enabled: 1
--- !u!92 &847444364
Behaviour:
  m_ObjectHideFlags: 0
  m_PrefabParentObject: {fileID: 0}
  m_PrefabInternal: {fileID: 0}
  m_GameObject: {fileID: 847444361}
  m_Enabled: 1
--- !u!20 &847444365
Camera:
  m_ObjectHideFlags: 0
  m_PrefabParentObject: {fileID: 0}
  m_PrefabInternal: {fileID: 0}
  m_GameObject: {fileID: 847444361}
  m_Enabled: 1
  serializedVersion: 2
  m_ClearFlags: 2
  m_BackGroundColor: {r: 0.24599913, g: 0.3361988, b: 0.47794116, a: 0.019607844}
  m_NormalizedViewPortRect:
    serializedVersion: 2
    x: 0
    y: 0
    width: 1
    height: 1
  near clip plane: 0.3
  far clip plane: 1000
  field of view: 59
  orthographic: 0
  orthographic size: 5
  m_Depth: -1
  m_CullingMask:
    serializedVersion: 2
    m_Bits: 4294967295
  m_RenderingPath: -1
  m_TargetTexture: {fileID: 0}
  m_TargetDisplay: 0
  m_TargetEye: 3
  m_HDR: 0
  m_AllowMSAA: 1
  m_ForceIntoRT: 0
  m_OcclusionCulling: 1
  m_StereoConvergence: 10
  m_StereoSeparation: 0.022
--- !u!4 &847444366
Transform:
  m_ObjectHideFlags: 0
  m_PrefabParentObject: {fileID: 0}
  m_PrefabInternal: {fileID: 0}
  m_GameObject: {fileID: 847444361}
  m_LocalRotation: {x: 0, y: 0.7071066, z: 0, w: -0.70710695}
  m_LocalPosition: {x: 3.2, y: -0.04, z: -0.01}
  m_LocalScale: {x: 1, y: 1, z: 1}
  m_Children: []
  m_Father: {fileID: 0}
  m_RootOrder: 0
  m_LocalEulerAnglesHint: {x: 0, y: 0, z: 0}
--- !u!1001 &850406748
Prefab:
  m_ObjectHideFlags: 0
  serializedVersion: 2
  m_Modification:
    m_TransformParent: {fileID: 0}
    m_Modifications:
    - target: {fileID: 410210, guid: a7e000c27016b1c4bbebbc06f8b9c74c, type: 2}
      propertyPath: m_LocalPosition.x
      value: 0
      objectReference: {fileID: 0}
    - target: {fileID: 410210, guid: a7e000c27016b1c4bbebbc06f8b9c74c, type: 2}
      propertyPath: m_LocalPosition.y
      value: 0
      objectReference: {fileID: 0}
    - target: {fileID: 410210, guid: a7e000c27016b1c4bbebbc06f8b9c74c, type: 2}
      propertyPath: m_LocalPosition.z
      value: 1.08000004
      objectReference: {fileID: 0}
    - target: {fileID: 410210, guid: a7e000c27016b1c4bbebbc06f8b9c74c, type: 2}
      propertyPath: m_LocalRotation.x
      value: 0
      objectReference: {fileID: 0}
    - target: {fileID: 410210, guid: a7e000c27016b1c4bbebbc06f8b9c74c, type: 2}
      propertyPath: m_LocalRotation.y
      value: .707106829
      objectReference: {fileID: 0}
    - target: {fileID: 410210, guid: a7e000c27016b1c4bbebbc06f8b9c74c, type: 2}
      propertyPath: m_LocalRotation.z
      value: 0
      objectReference: {fileID: 0}
    - target: {fileID: 410210, guid: a7e000c27016b1c4bbebbc06f8b9c74c, type: 2}
      propertyPath: m_LocalRotation.w
      value: .707106709
      objectReference: {fileID: 0}
    - target: {fileID: 410210, guid: a7e000c27016b1c4bbebbc06f8b9c74c, type: 2}
      propertyPath: m_RootOrder
      value: 6
      objectReference: {fileID: 0}
    m_RemovedComponents: []
  m_ParentPrefab: {fileID: 100100000, guid: a7e000c27016b1c4bbebbc06f8b9c74c, type: 2}
  m_RootGameObject: {fileID: 1695947683}
  m_IsPrefabParent: 0
--- !u!1 &915117780
GameObject:
  m_ObjectHideFlags: 0
  m_PrefabParentObject: {fileID: 0}
  m_PrefabInternal: {fileID: 0}
  serializedVersion: 5
  m_Component:
  - component: {fileID: 915117782}
  - component: {fileID: 915117781}
  m_Layer: 0
  m_Name: Directional Light
  m_TagString: Untagged
  m_Icon: {fileID: 0}
  m_NavMeshLayer: 0
  m_StaticEditorFlags: 0
  m_IsActive: 1
--- !u!108 &915117781
Light:
  m_ObjectHideFlags: 0
  m_PrefabParentObject: {fileID: 0}
  m_PrefabInternal: {fileID: 0}
  m_GameObject: {fileID: 915117780}
  m_Enabled: 1
  serializedVersion: 8
  m_Type: 1
  m_Color: {r: 1, g: 0.95686275, b: 0.8392157, a: 1}
  m_Intensity: 1
  m_Range: 10
  m_SpotAngle: 30
  m_CookieSize: 10
  m_Shadows:
    m_Type: 2
    m_Resolution: -1
    m_CustomResolution: -1
    m_Strength: 1
    m_Bias: 0.05
    m_NormalBias: 0.4
    m_NearPlane: 0.2
  m_Cookie: {fileID: 0}
  m_DrawHalo: 0
  m_Flare: {fileID: 0}
  m_RenderMode: 0
  m_CullingMask:
    serializedVersion: 2
    m_Bits: 4294967295
  m_Lightmapping: 4
  m_AreaSize: {x: 1, y: 1}
  m_BounceIntensity: 1
  m_ColorTemperature: 6570
  m_UseColorTemperature: 0
  m_ShadowRadius: 0
  m_ShadowAngle: 0
--- !u!4 &915117782
Transform:
  m_ObjectHideFlags: 0
  m_PrefabParentObject: {fileID: 0}
  m_PrefabInternal: {fileID: 0}
  m_GameObject: {fileID: 915117780}
  m_LocalRotation: {x: 0.40821794, y: -0.23456973, z: 0.109381676, w: 0.87542605}
  m_LocalPosition: {x: 0, y: 3, z: 0}
  m_LocalScale: {x: 1, y: 1, z: 1}
  m_Children: []
  m_Father: {fileID: 0}
  m_RootOrder: 1
  m_LocalEulerAnglesHint: {x: 0, y: 0, z: 0}
--- !u!1001 &1136188717
Prefab:
  m_ObjectHideFlags: 0
  serializedVersion: 2
  m_Modification:
    m_TransformParent: {fileID: 0}
    m_Modifications:
    - target: {fileID: 451372, guid: cbbdb58ceaba7dc479c2317b1770fc8c, type: 2}
      propertyPath: m_LocalPosition.x
      value: 0
      objectReference: {fileID: 0}
    - target: {fileID: 451372, guid: cbbdb58ceaba7dc479c2317b1770fc8c, type: 2}
      propertyPath: m_LocalPosition.y
      value: 0
      objectReference: {fileID: 0}
    - target: {fileID: 451372, guid: cbbdb58ceaba7dc479c2317b1770fc8c, type: 2}
      propertyPath: m_LocalPosition.z
      value: -1.39199996
      objectReference: {fileID: 0}
    - target: {fileID: 451372, guid: cbbdb58ceaba7dc479c2317b1770fc8c, type: 2}
      propertyPath: m_LocalRotation.x
      value: 0
      objectReference: {fileID: 0}
    - target: {fileID: 451372, guid: cbbdb58ceaba7dc479c2317b1770fc8c, type: 2}
      propertyPath: m_LocalRotation.y
      value: 0
      objectReference: {fileID: 0}
    - target: {fileID: 451372, guid: cbbdb58ceaba7dc479c2317b1770fc8c, type: 2}
      propertyPath: m_LocalRotation.z
      value: 0
      objectReference: {fileID: 0}
    - target: {fileID: 451372, guid: cbbdb58ceaba7dc479c2317b1770fc8c, type: 2}
      propertyPath: m_LocalRotation.w
      value: 1
      objectReference: {fileID: 0}
    - target: {fileID: 451372, guid: cbbdb58ceaba7dc479c2317b1770fc8c, type: 2}
      propertyPath: m_RootOrder
      value: 4
      objectReference: {fileID: 0}
    m_RemovedComponents: []
  m_ParentPrefab: {fileID: 100100000, guid: cbbdb58ceaba7dc479c2317b1770fc8c, type: 2}
  m_RootGameObject: {fileID: 1238014154}
  m_IsPrefabParent: 0
--- !u!1 &1174485896
GameObject:
  m_ObjectHideFlags: 0
  m_PrefabParentObject: {fileID: 139398, guid: 2405c5c865025eb46a273791454fd13b, type: 2}
  m_PrefabInternal: {fileID: 702656316}
  serializedVersion: 5
  m_Component:
  - component: {fileID: 1174485900}
  - component: {fileID: 1174485899}
  - component: {fileID: 1174485898}
  - component: {fileID: 1174485897}
  m_Layer: 0
  m_Name: mace
  m_TagString: Untagged
  m_Icon: {fileID: 0}
  m_NavMeshLayer: 0
  m_StaticEditorFlags: 0
  m_IsActive: 1
--- !u!64 &1174485897
MeshCollider:
  m_ObjectHideFlags: 0
  m_PrefabParentObject: {fileID: 6497702, guid: 2405c5c865025eb46a273791454fd13b,
    type: 2}
  m_PrefabInternal: {fileID: 702656316}
  m_GameObject: {fileID: 1174485896}
  m_Material: {fileID: 0}
  m_IsTrigger: 0
  m_Enabled: 1
  serializedVersion: 2
  m_Convex: 0
  m_InflateMesh: 0
  m_SkinWidth: 0.01
  m_Mesh: {fileID: 4300000, guid: 7b5ea6abeae202a4192b3f2a47c18435, type: 3}
--- !u!23 &1174485898
MeshRenderer:
  m_ObjectHideFlags: 0
  m_PrefabParentObject: {fileID: 2349710, guid: 2405c5c865025eb46a273791454fd13b,
    type: 2}
  m_PrefabInternal: {fileID: 702656316}
  m_GameObject: {fileID: 1174485896}
  m_Enabled: 1
  m_CastShadows: 1
  m_ReceiveShadows: 1
  m_DynamicOccludee: 1
  m_MotionVectors: 1
  m_LightProbeUsage: 1
  m_ReflectionProbeUsage: 1
  m_Materials:
  - {fileID: 2100000, guid: a40f0f4d21a95e24fab2c3a103380392, type: 2}
  m_StaticBatchInfo:
    firstSubMesh: 0
    subMeshCount: 0
  m_StaticBatchRoot: {fileID: 0}
  m_ProbeAnchor: {fileID: 0}
  m_LightProbeVolumeOverride: {fileID: 0}
  m_ScaleInLightmap: 1
  m_PreserveUVs: 0
  m_IgnoreNormalsForChartDetection: 0
  m_ImportantGI: 0
  m_StitchLightmapSeams: 0
  m_SelectedEditorRenderState: 3
  m_MinimumChartSize: 4
  m_AutoUVMaxDistance: 0.5
  m_AutoUVMaxAngle: 89
  m_LightmapParameters: {fileID: 0}
  m_SortingLayerID: 0
  m_SortingLayer: 0
  m_SortingOrder: 0
--- !u!33 &1174485899
MeshFilter:
  m_ObjectHideFlags: 0
  m_PrefabParentObject: {fileID: 3313744, guid: 2405c5c865025eb46a273791454fd13b,
    type: 2}
  m_PrefabInternal: {fileID: 702656316}
  m_GameObject: {fileID: 1174485896}
  m_Mesh: {fileID: 4300000, guid: 7b5ea6abeae202a4192b3f2a47c18435, type: 3}
--- !u!4 &1174485900
Transform:
  m_ObjectHideFlags: 0
  m_PrefabParentObject: {fileID: 484152, guid: 2405c5c865025eb46a273791454fd13b, type: 2}
  m_PrefabInternal: {fileID: 702656316}
  m_GameObject: {fileID: 1174485896}
  m_LocalRotation: {x: 0, y: 0, z: 0, w: 1}
  m_LocalPosition: {x: 0, y: -0.061, z: -1.138}
  m_LocalScale: {x: 1, y: 1, z: 1}
  m_Children: []
  m_Father: {fileID: 0}
  m_RootOrder: 5
  m_LocalEulerAnglesHint: {x: 0, y: 0, z: 0}
--- !u!1 &1238014154
GameObject:
  m_ObjectHideFlags: 0
  m_PrefabParentObject: {fileID: 141034, guid: cbbdb58ceaba7dc479c2317b1770fc8c, type: 2}
  m_PrefabInternal: {fileID: 1136188717}
  serializedVersion: 5
  m_Component:
  - component: {fileID: 1238014158}
  - component: {fileID: 1238014157}
  - component: {fileID: 1238014156}
  - component: {fileID: 1238014155}
  m_Layer: 0
  m_Name: hayfork
  m_TagString: Untagged
  m_Icon: {fileID: 0}
  m_NavMeshLayer: 0
  m_StaticEditorFlags: 0
  m_IsActive: 1
--- !u!64 &1238014155
MeshCollider:
  m_ObjectHideFlags: 0
  m_PrefabParentObject: {fileID: 6497668, guid: cbbdb58ceaba7dc479c2317b1770fc8c,
    type: 2}
  m_PrefabInternal: {fileID: 1136188717}
  m_GameObject: {fileID: 1238014154}
  m_Material: {fileID: 0}
  m_IsTrigger: 0
  m_Enabled: 1
  serializedVersion: 2
  m_Convex: 0
  m_InflateMesh: 0
  m_SkinWidth: 0.01
  m_Mesh: {fileID: 4300000, guid: d46107a27c63774499d46b980c4b0310, type: 3}
--- !u!23 &1238014156
MeshRenderer:
  m_ObjectHideFlags: 0
  m_PrefabParentObject: {fileID: 2385426, guid: cbbdb58ceaba7dc479c2317b1770fc8c,
    type: 2}
  m_PrefabInternal: {fileID: 1136188717}
  m_GameObject: {fileID: 1238014154}
  m_Enabled: 1
  m_CastShadows: 1
  m_ReceiveShadows: 1
  m_DynamicOccludee: 1
  m_MotionVectors: 1
  m_LightProbeUsage: 1
  m_ReflectionProbeUsage: 1
  m_Materials:
  - {fileID: 2100000, guid: 7a750b8357eb04d4082395d468b0ad65, type: 2}
  m_StaticBatchInfo:
    firstSubMesh: 0
    subMeshCount: 0
  m_StaticBatchRoot: {fileID: 0}
  m_ProbeAnchor: {fileID: 0}
  m_LightProbeVolumeOverride: {fileID: 0}
  m_ScaleInLightmap: 1
  m_PreserveUVs: 0
  m_IgnoreNormalsForChartDetection: 0
  m_ImportantGI: 0
  m_StitchLightmapSeams: 0
  m_SelectedEditorRenderState: 3
  m_MinimumChartSize: 4
  m_AutoUVMaxDistance: 0.5
  m_AutoUVMaxAngle: 89
  m_LightmapParameters: {fileID: 0}
  m_SortingLayerID: 0
  m_SortingLayer: 0
  m_SortingOrder: 0
--- !u!33 &1238014157
MeshFilter:
  m_ObjectHideFlags: 0
  m_PrefabParentObject: {fileID: 3313514, guid: cbbdb58ceaba7dc479c2317b1770fc8c,
    type: 2}
  m_PrefabInternal: {fileID: 1136188717}
  m_GameObject: {fileID: 1238014154}
  m_Mesh: {fileID: 4300000, guid: d46107a27c63774499d46b980c4b0310, type: 3}
--- !u!4 &1238014158
Transform:
  m_ObjectHideFlags: 0
  m_PrefabParentObject: {fileID: 451372, guid: cbbdb58ceaba7dc479c2317b1770fc8c, type: 2}
  m_PrefabInternal: {fileID: 1136188717}
  m_GameObject: {fileID: 1238014154}
  m_LocalRotation: {x: 0, y: 0, z: 0, w: 1}
  m_LocalPosition: {x: 0, y: 0, z: -1.392}
  m_LocalScale: {x: 1, y: 1, z: 1}
  m_Children: []
  m_Father: {fileID: 0}
  m_RootOrder: 4
  m_LocalEulerAnglesHint: {x: 0, y: 0, z: 0}
--- !u!1 &1537846651
GameObject:
  m_ObjectHideFlags: 0
  m_PrefabParentObject: {fileID: 162654, guid: a90214135570e0b439a5dc18072442f6, type: 2}
  m_PrefabInternal: {fileID: 462988381}
  serializedVersion: 5
  m_Component:
  - component: {fileID: 1537846655}
  - component: {fileID: 1537846654}
  - component: {fileID: 1537846653}
  - component: {fileID: 1537846652}
  m_Layer: 0
  m_Name: Axe
  m_TagString: Untagged
  m_Icon: {fileID: 0}
  m_NavMeshLayer: 0
  m_StaticEditorFlags: 0
  m_IsActive: 1
--- !u!64 &1537846652
MeshCollider:
  m_ObjectHideFlags: 0
  m_PrefabParentObject: {fileID: 6405614, guid: a90214135570e0b439a5dc18072442f6,
    type: 2}
  m_PrefabInternal: {fileID: 462988381}
  m_GameObject: {fileID: 1537846651}
  m_Material: {fileID: 0}
  m_IsTrigger: 0
  m_Enabled: 1
  serializedVersion: 2
  m_Convex: 0
  m_InflateMesh: 0
  m_SkinWidth: 0.01
  m_Mesh: {fileID: 4300000, guid: b0d6338506c203942bf9b858091d0eb9, type: 3}
--- !u!23 &1537846653
MeshRenderer:
  m_ObjectHideFlags: 0
  m_PrefabParentObject: {fileID: 2319714, guid: a90214135570e0b439a5dc18072442f6,
    type: 2}
  m_PrefabInternal: {fileID: 462988381}
  m_GameObject: {fileID: 1537846651}
  m_Enabled: 1
  m_CastShadows: 1
  m_ReceiveShadows: 1
  m_DynamicOccludee: 1
  m_MotionVectors: 1
  m_LightProbeUsage: 1
  m_ReflectionProbeUsage: 1
  m_Materials:
  - {fileID: 2100000, guid: 65ce78a1d0c72ce458c9ed9345487775, type: 2}
  m_StaticBatchInfo:
    firstSubMesh: 0
    subMeshCount: 0
  m_StaticBatchRoot: {fileID: 0}
  m_ProbeAnchor: {fileID: 0}
  m_LightProbeVolumeOverride: {fileID: 0}
  m_ScaleInLightmap: 1
  m_PreserveUVs: 0
  m_IgnoreNormalsForChartDetection: 0
  m_ImportantGI: 0
  m_StitchLightmapSeams: 0
  m_SelectedEditorRenderState: 3
  m_MinimumChartSize: 4
  m_AutoUVMaxDistance: 0.5
  m_AutoUVMaxAngle: 89
  m_LightmapParameters: {fileID: 0}
  m_SortingLayerID: 0
  m_SortingLayer: 0
  m_SortingOrder: 0
--- !u!33 &1537846654
MeshFilter:
  m_ObjectHideFlags: 0
  m_PrefabParentObject: {fileID: 3335546, guid: a90214135570e0b439a5dc18072442f6,
    type: 2}
  m_PrefabInternal: {fileID: 462988381}
  m_GameObject: {fileID: 1537846651}
  m_Mesh: {fileID: 4300000, guid: b0d6338506c203942bf9b858091d0eb9, type: 3}
--- !u!4 &1537846655
Transform:
  m_ObjectHideFlags: 0
  m_PrefabParentObject: {fileID: 475652, guid: a90214135570e0b439a5dc18072442f6, type: 2}
  m_PrefabInternal: {fileID: 462988381}
  m_GameObject: {fileID: 1537846651}
  m_LocalRotation: {x: 0, y: 0, z: 0, w: 1}
  m_LocalPosition: {x: 0, y: 0, z: -0.258}
  m_LocalScale: {x: 1, y: 1, z: 1}
  m_Children: []
  m_Father: {fileID: 0}
  m_RootOrder: 2
  m_LocalEulerAnglesHint: {x: 0, y: 0, z: 0}
--- !u!1 &1560495921
GameObject:
  m_ObjectHideFlags: 0
  m_PrefabParentObject: {fileID: 113948, guid: 43e75fb4128fe4d4496875668dacd025, type: 2}
  m_PrefabInternal: {fileID: 1825885467}
  serializedVersion: 5
  m_Component:
  - component: {fileID: 1560495925}
  - component: {fileID: 1560495924}
  - component: {fileID: 1560495923}
  - component: {fileID: 1560495922}
  m_Layer: 0
  m_Name: shield
  m_TagString: Untagged
  m_Icon: {fileID: 0}
  m_NavMeshLayer: 0
  m_StaticEditorFlags: 0
  m_IsActive: 1
--- !u!64 &1560495922
MeshCollider:
  m_ObjectHideFlags: 0
  m_PrefabParentObject: {fileID: 6486928, guid: 43e75fb4128fe4d4496875668dacd025,
    type: 2}
  m_PrefabInternal: {fileID: 1825885467}
  m_GameObject: {fileID: 1560495921}
  m_Material: {fileID: 0}
  m_IsTrigger: 0
  m_Enabled: 1
  serializedVersion: 2
  m_Convex: 0
  m_InflateMesh: 0
  m_SkinWidth: 0.01
  m_Mesh: {fileID: 4300000, guid: 80ec5d8ae91798543aab8d339b96ee5f, type: 3}
--- !u!23 &1560495923
MeshRenderer:
  m_ObjectHideFlags: 0
  m_PrefabParentObject: {fileID: 2341766, guid: 43e75fb4128fe4d4496875668dacd025,
    type: 2}
  m_PrefabInternal: {fileID: 1825885467}
  m_GameObject: {fileID: 1560495921}
  m_Enabled: 1
  m_CastShadows: 1
  m_ReceiveShadows: 1
  m_DynamicOccludee: 1
  m_MotionVectors: 1
  m_LightProbeUsage: 1
  m_ReflectionProbeUsage: 1
  m_Materials:
  - {fileID: 2100000, guid: 905ba840b9b0b0747a676597464c48f2, type: 2}
  m_StaticBatchInfo:
    firstSubMesh: 0
    subMeshCount: 0
  m_StaticBatchRoot: {fileID: 0}
  m_ProbeAnchor: {fileID: 0}
  m_LightProbeVolumeOverride: {fileID: 0}
  m_ScaleInLightmap: 1
  m_PreserveUVs: 0
  m_IgnoreNormalsForChartDetection: 0
  m_ImportantGI: 0
  m_StitchLightmapSeams: 0
  m_SelectedEditorRenderState: 3
  m_MinimumChartSize: 4
  m_AutoUVMaxDistance: 0.5
  m_AutoUVMaxAngle: 89
  m_LightmapParameters: {fileID: 0}
  m_SortingLayerID: 0
  m_SortingLayer: 0
  m_SortingOrder: 0
--- !u!33 &1560495924
MeshFilter:
  m_ObjectHideFlags: 0
  m_PrefabParentObject: {fileID: 3389006, guid: 43e75fb4128fe4d4496875668dacd025,
    type: 2}
  m_PrefabInternal: {fileID: 1825885467}
  m_GameObject: {fileID: 1560495921}
  m_Mesh: {fileID: 4300000, guid: 80ec5d8ae91798543aab8d339b96ee5f, type: 3}
--- !u!4 &1560495925
Transform:
  m_ObjectHideFlags: 0
  m_PrefabParentObject: {fileID: 480980, guid: 43e75fb4128fe4d4496875668dacd025, type: 2}
  m_PrefabInternal: {fileID: 1825885467}
  m_GameObject: {fileID: 1560495921}
  m_LocalRotation: {x: 0, y: 1, z: 0, w: -0.00000016292068}
  m_LocalPosition: {x: 0, y: 0, z: 1.98}
  m_LocalScale: {x: 1, y: 1, z: 1}
  m_Children: []
  m_Father: {fileID: 0}
  m_RootOrder: 7
  m_LocalEulerAnglesHint: {x: 0, y: 0, z: 0}
--- !u!1 &1695947683
GameObject:
  m_ObjectHideFlags: 0
  m_PrefabParentObject: {fileID: 169788, guid: a7e000c27016b1c4bbebbc06f8b9c74c, type: 2}
  m_PrefabInternal: {fileID: 850406748}
  serializedVersion: 5
  m_Component:
  - component: {fileID: 1695947687}
  - component: {fileID: 1695947686}
  - component: {fileID: 1695947685}
  - component: {fileID: 1695947684}
  m_Layer: 0
  m_Name: Round_Shield
  m_TagString: Untagged
  m_Icon: {fileID: 0}
  m_NavMeshLayer: 0
  m_StaticEditorFlags: 0
  m_IsActive: 1
--- !u!64 &1695947684
MeshCollider:
  m_ObjectHideFlags: 0
  m_PrefabParentObject: {fileID: 6496430, guid: a7e000c27016b1c4bbebbc06f8b9c74c,
    type: 2}
  m_PrefabInternal: {fileID: 850406748}
  m_GameObject: {fileID: 1695947683}
  m_Material: {fileID: 0}
  m_IsTrigger: 0
  m_Enabled: 1
  serializedVersion: 2
  m_Convex: 0
  m_InflateMesh: 0
  m_SkinWidth: 0.01
  m_Mesh: {fileID: 4300000, guid: 36fe88911d4517b4bb90ac6e36691646, type: 3}
--- !u!23 &1695947685
MeshRenderer:
  m_ObjectHideFlags: 0
  m_PrefabParentObject: {fileID: 2315298, guid: a7e000c27016b1c4bbebbc06f8b9c74c,
    type: 2}
  m_PrefabInternal: {fileID: 850406748}
  m_GameObject: {fileID: 1695947683}
  m_Enabled: 1
  m_CastShadows: 1
  m_ReceiveShadows: 1
  m_DynamicOccludee: 1
  m_MotionVectors: 1
  m_LightProbeUsage: 1
  m_ReflectionProbeUsage: 1
  m_Materials:
  - {fileID: 2100000, guid: 652f2bb73fc54274c879c587bc9014b6, type: 2}
  m_StaticBatchInfo:
    firstSubMesh: 0
    subMeshCount: 0
  m_StaticBatchRoot: {fileID: 0}
  m_ProbeAnchor: {fileID: 0}
  m_LightProbeVolumeOverride: {fileID: 0}
  m_ScaleInLightmap: 1
  m_PreserveUVs: 0
  m_IgnoreNormalsForChartDetection: 0
  m_ImportantGI: 0
  m_StitchLightmapSeams: 0
  m_SelectedEditorRenderState: 3
  m_MinimumChartSize: 4
  m_AutoUVMaxDistance: 0.5
  m_AutoUVMaxAngle: 89
  m_LightmapParameters: {fileID: 0}
  m_SortingLayerID: 0
  m_SortingLayer: 0
  m_SortingOrder: 0
--- !u!33 &1695947686
MeshFilter:
  m_ObjectHideFlags: 0
  m_PrefabParentObject: {fileID: 3328616, guid: a7e000c27016b1c4bbebbc06f8b9c74c,
    type: 2}
  m_PrefabInternal: {fileID: 850406748}
  m_GameObject: {fileID: 1695947683}
  m_Mesh: {fileID: 4300000, guid: 36fe88911d4517b4bb90ac6e36691646, type: 3}
--- !u!4 &1695947687
Transform:
  m_ObjectHideFlags: 0
  m_PrefabParentObject: {fileID: 410210, guid: a7e000c27016b1c4bbebbc06f8b9c74c, type: 2}
  m_PrefabInternal: {fileID: 850406748}
  m_GameObject: {fileID: 1695947683}
  m_LocalRotation: {x: 0, y: 0.7071068, z: 0, w: 0.7071067}
  m_LocalPosition: {x: 0, y: 0, z: 1.08}
  m_LocalScale: {x: 1, y: 1, z: 1}
  m_Children: []
  m_Father: {fileID: 0}
  m_RootOrder: 6
  m_LocalEulerAnglesHint: {x: 0, y: 0, z: 0}
--- !u!1001 &1825885467
Prefab:
  m_ObjectHideFlags: 0
  serializedVersion: 2
  m_Modification:
    m_TransformParent: {fileID: 0}
    m_Modifications:
    - target: {fileID: 480980, guid: 43e75fb4128fe4d4496875668dacd025, type: 2}
      propertyPath: m_LocalPosition.x
      value: 0
      objectReference: {fileID: 0}
    - target: {fileID: 480980, guid: 43e75fb4128fe4d4496875668dacd025, type: 2}
      propertyPath: m_LocalPosition.y
      value: 0
      objectReference: {fileID: 0}
    - target: {fileID: 480980, guid: 43e75fb4128fe4d4496875668dacd025, type: 2}
      propertyPath: m_LocalPosition.z
      value: 1.98000002
      objectReference: {fileID: 0}
    - target: {fileID: 480980, guid: 43e75fb4128fe4d4496875668dacd025, type: 2}
      propertyPath: m_LocalRotation.x
      value: 0
      objectReference: {fileID: 0}
    - target: {fileID: 480980, guid: 43e75fb4128fe4d4496875668dacd025, type: 2}
      propertyPath: m_LocalRotation.y
      value: 1
      objectReference: {fileID: 0}
    - target: {fileID: 480980, guid: 43e75fb4128fe4d4496875668dacd025, type: 2}
      propertyPath: m_LocalRotation.z
      value: 0
      objectReference: {fileID: 0}
    - target: {fileID: 480980, guid: 43e75fb4128fe4d4496875668dacd025, type: 2}
      propertyPath: m_LocalRotation.w
      value: -1.62920685e-07
      objectReference: {fileID: 0}
    - target: {fileID: 480980, guid: 43e75fb4128fe4d4496875668dacd025, type: 2}
      propertyPath: m_RootOrder
      value: 7
      objectReference: {fileID: 0}
    m_RemovedComponents: []
  m_ParentPrefab: {fileID: 100100000, guid: 43e75fb4128fe4d4496875668dacd025, type: 2}
  m_RootGameObject: {fileID: 1560495921}
  m_IsPrefabParent: 0
--- !u!1001 &1882836313
Prefab:
  m_ObjectHideFlags: 0
  serializedVersion: 2
  m_Modification:
    m_TransformParent: {fileID: 0}
    m_Modifications:
    - target: {fileID: 492460, guid: cde168c91f6fc464aac2d50df8687296, type: 2}
      propertyPath: m_LocalPosition.x
      value: 0
      objectReference: {fileID: 0}
    - target: {fileID: 492460, guid: cde168c91f6fc464aac2d50df8687296, type: 2}
      propertyPath: m_LocalPosition.y
      value: 0
      objectReference: {fileID: 0}
    - target: {fileID: 492460, guid: cde168c91f6fc464aac2d50df8687296, type: 2}
      propertyPath: m_LocalPosition.z
      value: .398000002
      objectReference: {fileID: 0}
    - target: {fileID: 492460, guid: cde168c91f6fc464aac2d50df8687296, type: 2}
      propertyPath: m_LocalRotation.x
      value: 0
      objectReference: {fileID: 0}
    - target: {fileID: 492460, guid: cde168c91f6fc464aac2d50df8687296, type: 2}
      propertyPath: m_LocalRotation.y
      value: 0
      objectReference: {fileID: 0}
    - target: {fileID: 492460, guid: cde168c91f6fc464aac2d50df8687296, type: 2}
      propertyPath: m_LocalRotation.z
      value: 0
      objectReference: {fileID: 0}
    - target: {fileID: 492460, guid: cde168c91f6fc464aac2d50df8687296, type: 2}
      propertyPath: m_LocalRotation.w
      value: 1
      objectReference: {fileID: 0}
    - target: {fileID: 492460, guid: cde168c91f6fc464aac2d50df8687296, type: 2}
      propertyPath: m_RootOrder
      value: 3
      objectReference: {fileID: 0}
    m_RemovedComponents: []
  m_ParentPrefab: {fileID: 100100000, guid: cde168c91f6fc464aac2d50df8687296, type: 2}
  m_RootGameObject: {fileID: 246899725}
  m_IsPrefabParent: 0
--- !u!1 &2013206397
GameObject:
  m_ObjectHideFlags: 0
  m_PrefabParentObject: {fileID: 115382, guid: 0146db84378023d43b191a0f89508214, type: 2}
  m_PrefabInternal: {fileID: 160010018}
  serializedVersion: 5
  m_Component:
  - component: {fileID: 2013206401}
  - component: {fileID: 2013206400}
  - component: {fileID: 2013206399}
  - component: {fileID: 2013206398}
  m_Layer: 0
  m_Name: spear
  m_TagString: Untagged
  m_Icon: {fileID: 0}
  m_NavMeshLayer: 0
  m_StaticEditorFlags: 0
  m_IsActive: 1
--- !u!64 &2013206398
MeshCollider:
  m_ObjectHideFlags: 0
  m_PrefabParentObject: {fileID: 6484270, guid: 0146db84378023d43b191a0f89508214,
    type: 2}
  m_PrefabInternal: {fileID: 160010018}
  m_GameObject: {fileID: 2013206397}
  m_Material: {fileID: 0}
  m_IsTrigger: 0
  m_Enabled: 1
  serializedVersion: 2
  m_Convex: 0
  m_InflateMesh: 0
  m_SkinWidth: 0.01
  m_Mesh: {fileID: 4300000, guid: 4d302a5f3f6ce474b8887482d7aaea8f, type: 3}
--- !u!23 &2013206399
MeshRenderer:
  m_ObjectHideFlags: 0
  m_PrefabParentObject: {fileID: 2387116, guid: 0146db84378023d43b191a0f89508214,
    type: 2}
  m_PrefabInternal: {fileID: 160010018}
  m_GameObject: {fileID: 2013206397}
  m_Enabled: 1
  m_CastShadows: 1
  m_ReceiveShadows: 1
  m_DynamicOccludee: 1
  m_MotionVectors: 1
  m_LightProbeUsage: 1
  m_ReflectionProbeUsage: 1
  m_Materials:
  - {fileID: 2100000, guid: 186485f46b7d0e64a88e573da7bb3be2, type: 2}
  m_StaticBatchInfo:
    firstSubMesh: 0
    subMeshCount: 0
  m_StaticBatchRoot: {fileID: 0}
  m_ProbeAnchor: {fileID: 0}
  m_LightProbeVolumeOverride: {fileID: 0}
  m_ScaleInLightmap: 1
  m_PreserveUVs: 0
  m_IgnoreNormalsForChartDetection: 0
  m_ImportantGI: 0
  m_StitchLightmapSeams: 0
  m_SelectedEditorRenderState: 3
  m_MinimumChartSize: 4
  m_AutoUVMaxDistance: 0.5
  m_AutoUVMaxAngle: 89
  m_LightmapParameters: {fileID: 0}
  m_SortingLayerID: 0
  m_SortingLayer: 0
  m_SortingOrder: 0
--- !u!33 &2013206400
MeshFilter:
  m_ObjectHideFlags: 0
  m_PrefabParentObject: {fileID: 3366628, guid: 0146db84378023d43b191a0f89508214,
    type: 2}
  m_PrefabInternal: {fileID: 160010018}
  m_GameObject: {fileID: 2013206397}
  m_Mesh: {fileID: 4300000, guid: 4d302a5f3f6ce474b8887482d7aaea8f, type: 3}
--- !u!4 &2013206401
Transform:
  m_ObjectHideFlags: 0
  m_PrefabParentObject: {fileID: 491694, guid: 0146db84378023d43b191a0f89508214, type: 2}
  m_PrefabInternal: {fileID: 160010018}
  m_GameObject: {fileID: 2013206397}
  m_LocalRotation: {x: 0, y: 0, z: 0, w: 1}
  m_LocalPosition: {x: 0, y: 0, z: -1.712}
  m_LocalScale: {x: 1, y: 1, z: 1}
  m_Children: []
  m_Father: {fileID: 0}
  m_RootOrder: 8
  m_LocalEulerAnglesHint: {x: 0, y: 0, z: 0}
